@article{Arel-Bundock2018,
  doi = {10.21105/joss.00848},
  url = {https://doi.org/10.21105/joss.00848},
  year = {2018},
  publisher = {The Open Journal},
  volume = {3},
  number = {28},
  pages = {848},
  author = {Vincent Arel-Bundock and Nils Enevoldsen and Cj Yetman},
  title = {countrycode: An R package to convert country names and country codes},
  journal = {Journal of Open Source Software}
}