@misc{GuoJiaTongJiJu2022,
  title = {关于更新全国统计用区划代码和城乡划分代码的公告},
  author = {{国家统计局}},
  date = {2022},
  url = {http://www.stats.gov.cn/sj/tjbz/tjyqhdmhcxhfdm/2022/index.html},
  urldate = {2023-08-20},
  langid = {chinese},
  organization = {{中华人民共和国国家统计局}},
  file = {D\:\\zotero_system\\storage\\3YF3PPKK\\index.html}
}

@book{GuoJiaTongJiJu2022a,
  title = {中国统计年鉴2022（附光盘） 中国城乡建设统计年鉴2021（2022年新书）},
  editor = {{国家统计局}},
  date = {2022-09-30},
  series = {中国统计年鉴},
  publisher = {{中国统计出版社}},
  url = {https://item.jd.com/10038568378953.html},
  urldate = {2023-08-20},
  isbn = {978-7-5037-9625-8},
  langid = {chinese},
  pagetotal = {945}
}

@book{LanguageInstitutionEtAl2012,
  title = {The Language Atlas of China},
  author = {Language Institution, Chinese Academy of Social Sciences and {Ethnicity} and Anthropology Istitution, Chinese Academy of Social Sciences and Research Center of Lanugage, City University of Hong Kong},
  date = {2012},
  edition = {2},
  publisher = {{The Commercial Press}},
  location = {{Beijing}},
  owner = {Yue Hu},
  timestamp = {2019-10-29T01:14:50Z}
}

@book{LiEtAl1987,
  title = {The Language Atlas of China},
  author = {Li, Rong and Xiong, Zhenghui and Zhang, Zhenxing},
  date = {1987},
  publisher = {{London: Longman}},
  owner = {Yue Hu},
  timestamp = {2019-10-29T01:14:50Z}
}

@misc{MinZhengBu2022,
  title = {2021年中华人民共和国行政区划代码},
  author = {{民政部}},
  date = {2022},
  url = {https://www.mca.gov.cn/n156/n186/c110745/content.html},
  urldate = {2023-08-20},
  langid = {chinese},
  organization = {{中华人民共和国民政部}},
  file = {D\:\\zotero_system\\storage\\3ALAWCLB\\content.html}
}

@article{SunPing2020,
  entrysubtype = {newspaper},
  title = {把握新时代行政区划优化设置的着力点 - 中华人民共和国民政部},
  author = {{孙平}},
  date = {2020-12-14},
  journaltitle = {中国社会报},
  url = {https://www.mca.gov.cn/n152/n166/c41451/content.html},
  urldate = {2023-08-20},
  langid = {chinese},
  file = {D\:\\zotero_system\\storage\\7Y2BQQQB\\content.html}
}
