% Encoding: UTF-8

 @Manual{interplot,
  title = {interplot: Plot the Effects of Variables in Interaction Terms},
  author = {Frederick Solt and Yue Hu},
  year = {2019},
  note = {R package version 0.2.2},
  url = {https://CRAN.R-project.org/package=interplot},
 }

@article{Arel-Bundock2018,
  doi = {10.21105/joss.00848},
  url = {https://doi.org/10.21105/joss.00848},
  year = {2018},
  publisher = {The Open Journal},
  volume = {3},
  number = {28},
  pages = {848},
  author = {Vincent Arel-Bundock and Nils Enevoldsen and Cj Yetman},
  title = {countrycode: An R package to convert country names and country codes},
  journal = {Journal of Open Source Software}
}

@data{DVN/9QZRAD_2020,
author = {Wang, Yuhua},
publisher = {Harvard Dataverse},
title = {{Chinaâ€™s Corruption Investigations Dataset}},
UNF = {UNF:6:pt1h9LKzO0aD6F30y7KQGg==},
year = {2020},
version = {V4},
doi = {10.7910/DVN/9QZRAD},
url = {https://doi.org/10.7910/DVN/9QZRAD}
}