% Encoding: UTF-8

@article{arel2018countrycode,
  title={countrycode: An R package to convert country names and country codes},
  author={Arel-Bundock, Vincent and Enevoldsen, Nils and Yetman, CJ},
  journal={Journal of Open Source Software},
  volume={3},
  number={28},
  pages={848},
  year={2018}
}

@data{DVN/9QZRAD_2020,
author = {Wang, Yuhua},
publisher = {Harvard Dataverse},
title = {{Chinaâ€™s Corruption Investigations Dataset}},
UNF = {UNF:6:pt1h9LKzO0aD6F30y7KQGg==},
year = {2020},
version = {V4},
doi = {10.7910/DVN/9QZRAD},
url = {https://doi.org/10.7910/DVN/9QZRAD}
}

@Comment{jabref-meta: databaseType:bibtex;}
